<?xml version="1.0" encoding="UTF-8"?><collection xmlns="http://www.loc.gov/MARC21/slim"><record><leader>00358nam--2200133-i-4500</leader><controlfield tag="001">000023425</controlfield><controlfield tag="002">20161230</controlfield><controlfield tag="005">20161230201035</controlfield><controlfield tag="008">060222s1000------------r-----000-0-eng-d</controlfield><datafield ind1=" " ind2=" " tag="080"><subfield code="a">535:621.375.826</subfield></datafield><datafield ind1=" " ind2=" " tag="245"><subfield code="a">Integrated optics</subfield></datafield><datafield ind1=" " ind2=" " tag="260"><subfield code="a">New York, The Institute Of Electtrical And Electronics, 1973, Vi + 296p</subfield></datafield><datafield ind1=" " ind2=" " tag="700"><subfield code="a">Dietrich Marcuse</subfield></datafield><datafield ind1=" " ind2=" " tag="852"><subfield code="a">41906</subfield></datafield></record></collection>